<record><leader>00000cas a2200000 a 4500</leader><controlfield tag="001">12078575</controlfield><controlfield tag="008">850524d18931893hiudn ne      0    0haw d</controlfield><datafield ind1=" " ind2=" " tag="010"><subfield code="a">sn 85047116 </subfield></datafield><datafield ind1=" " ind2=" " tag="040"><subfield code="a">HUH</subfield><subfield code="b">eng</subfield><subfield code="c">HUH</subfield><subfield code="d">HWN</subfield><subfield code="d">OCL</subfield><subfield code="d">OCLCQ</subfield><subfield code="d">OCLCF</subfield><subfield code="d">OCLCO</subfield></datafield><datafield ind1=" " ind2=" " tag="042"><subfield code="a">msc</subfield></datafield><datafield ind1=" " ind2=" " tag="043"><subfield code="a">n-us-hi</subfield></datafield><datafield ind1="0" ind2=" " tag="130"><subfield code="a">Lei momi (Honolulu, Hawaii : June 21, 1893)</subfield></datafield><datafield ind1="1" ind2="3" tag="245"><subfield code="a">Ka Lei momi.</subfield></datafield><datafield ind1="1" ind2="3" tag="246"><subfield code="a">Nupepa puka la ka lei momi</subfield></datafield><datafield ind1=" " ind2=" " tag="260"><subfield code="a">Honolulu, Oahu [Hawaii] :</subfield><subfield code="b">Ka Lei Momi,</subfield><subfield code="c">1893.</subfield></datafield><datafield ind1=" " ind2=" " tag="300"><subfield code="a">1 v. ;</subfield><subfield code="c">45 cm.</subfield></datafield><datafield ind1=" " ind2=" " tag="310"><subfield code="a">Daily (except Sun.)</subfield></datafield><datafield ind1="0" ind2=" " tag="362"><subfield code="a">Buke 1, helu 1 (Iune 21, 1893)-buke 1, helu 78 (Sepatemaba 22, 1893).</subfield></datafield><datafield ind1=" " ind2=" " tag="500"><subfield code="a">Editor: W.H. Kapu.</subfield></datafield><datafield ind1=" " ind2=" " tag="546"><subfield code="a">In Hawaiian.</subfield></datafield><datafield ind1=" " ind2=" " tag="580"><subfield code="a">Issued concurrently with a weekly of the same title.</subfield></datafield><datafield ind1=" " ind2="0" tag="651"><subfield code="a">Hawaii</subfield><subfield code="v">Newspapers.</subfield></datafield><datafield ind1=" " ind2="7" tag="655"><subfield code="a">Newspapers.</subfield><subfield code="2">fast</subfield><subfield code="0">(OCoLC)fst01423814</subfield></datafield><datafield ind1=" " ind2="7" tag="651"><subfield code="a">Hawaii.</subfield><subfield code="2">fast</subfield><subfield code="0">(OCoLC)fst01208724</subfield></datafield><datafield ind1="1" ind2=" " tag="700"><subfield code="a">Kapu, W. H.</subfield></datafield><datafield ind1=" " ind2=" " tag="752"><subfield code="a">United States</subfield><subfield code="b">Hawaii</subfield><subfield code="c">Honolulu</subfield><subfield code="d">Honolulu.</subfield></datafield><datafield ind1="1" ind2=" " tag="787"><subfield code="t">Lei momi (Honolulu, Hawaii : Aug. 5, 1893)</subfield><subfield code="w">(DLC)sn 85047117</subfield><subfield code="w">(OCoLC)12078585</subfield></datafield></record>